@article{Barker2013,
	Author = {Barker, Chris},
	File = {:Users/Greg/Dropbox/Papers/Barker 2013 Inquiry.pdf:pdf},
	Issn = {0020-174X},
	Journal = {Inquiry},
	Number = {2-3},
	Pages = {240--257},
	Title = {{Negotiating Taste}},
	Volume = {56},
	Year = {2013},
	Bdsk-Url-1 = {http://dx.doi.org/10.1080/0020174X.2013.784482}}
    
@article{cinque2014,
  title={The semantic classification of adjectives: A view from syntax},
  author={Cinque, Guglielmo},
  journal={Studies in Chinese Linguistics},
  volume={35},
  number={1},
  pages={1--30},
  year={2014}
}

@incollection{Cinque1994,
	address = {Washington DC},
	author = {Cinque, Guglielmo},
	booktitle = {{Paths Towards Universal Grammar. Studies in Honor of Richard S. Kayne}},
	editor = {Kayne, R S and Cinque, G and Koster, J and Pollock, J.-Y. and Rizzi, Luigi and Zanuttini, R},
	isbn = {087840287X},
	pages = {85--110},
	publisher = {Georgetown University Press},
	title = {On the Evidence for Partial {N}-Movement in the {R}omance {DP}},
	year = {1994}
    }
    
@article{dewarxu2010,
  title="{Induction, overhypothesis, and the origin of abstract knowledge: Evidence from 9-month-old infants}",
  author={Dewar, Kathryn M and Xu, Fei},
  journal={Psychological Science},
  volume={21},
  number={12},
  pages={1871--1877},
  year={2010},
  publisher={Sage Publications Sage CA: Los Angeles, CA}
}

@book{dixon1982,
  title="{Where have all the adjectives gone? and other essays in semantics and syntax}",
  author={Dixon, Robert MW},
  volume={107},
  year={1982},
  publisher={Walter de Gruyter}
}

@article{feldmanetal2013,
  title={Word-level information influences phonetic learning in adults and infants},
  author={Feldman, Naomi H and Myers, Emily B and White, Katherine S and Griffiths, Thomas L and Morgan, James L},
  journal={Cognition},
  volume={127},
  number={3},
  pages={427--438},
  year={2013},
  publisher={Elsevier}
}

@incollection{fousheesrinivasan2017,
  title="{Could both be right? Children's and adults' sensitivity to subjectivity in language}",
  author={Foushee, Ruthe and Srinivasan, Mahesh},
  booktitle="{Proceedings of the 39th Annual Meeting of the Cognitive Science Society}",
  pages={379-3384},
  year={2017},
  publisher={Cognitive Science Society},
  address={London, UK}
}

@article{gerken2006,
  title="{Decisions, decisions: Infant language learning when multiple generalizations are possible}",
  author={Gerken, LouAnn},
  journal={Cognition},
  volume={98},
  number={3},
  pages={B67--B74},
  year={2006},
  publisher={Elsevier}
}

@article{gerkenknight2015,
  title={Infants generalize from just (the right) four words},
  author={Gerken, LouAnn and Knight, Sara},
  journal={Cognition},
  volume={143},
  pages={187--192},
  year={2015},
  publisher={Elsevier}
}

@article{gerkenquam2017,
  title={Infant learning is influenced by local spurious generalizations},
  author={Gerken, LouAnn and Quam, Carolyn},
  journal={Developmental Science},
  volume={20},
  number={3},
  year={2017},
  publisher={Wiley Online Library}
}


@article{greenwade93,
    author  = "George D. Greenwade",
    title   = "The {C}omprehensive {T}ex {A}rchive {N}etwork ({CTAN})",
    year    = "1993",
    journal = "TUGBoat",
    volume  = "14",
    number  = "3",
    pages   = "342--351"
}

@article{Kennedy2013,
	Author = {Kennedy, Christopher},
	Issn = {0020-174X},
	Journal = {Inquiry},
	Number = {2-3},
	Pages = {258--277},
	Title = {{Two Sources of Subjectivity: Qualitative Assessment and Dimensional Uncertainty}},
	Volume = {56},
	Year = {2013}}
    
@article{Kolbel2004,
	Author = {K{\"{o}}lbel, Max},
	File = {:Users/Greg/Dropbox/Papers/Kolbel 2004 AS faultless disagreement.pdf:pdf},
	Journal = {Proceedings of the Aristotelian Society},
	Pages = {53--73},
	Title = {{Faultless Disagreement}},
	Volume = {104},
	Year = {2004}}

@article{kuhletal1997,
  title={Cross-language analysis of phonetic units in language addressed to infants},
  author={Kuhl, Patricia K and Andruski, Jean E and Chistovich, Inna A and Chistovich, Ludmilla A and Kozhevnikova, Elena V and Ryskina, Viktoria L and Stolyarova, Elvira I and Sundberg, Ulla and Lacerda, Francisco},
  journal={Science},
  volume={277},
  number={5326},
  pages={684--686},
  year={1997},
  publisher={American Association for the Advancement of Science}
}

@article{kunertetal2011,
  title="{Adaptation in child directed speech: Evidence from corpora}",
  author={Kunert, Richard and Fern{\'a}ndez, Raquel and Zuidema, Willem},
  journal={Proc. SemDial},
  volume={112119},
  year={2011}
}

@article{maetal2011,
  title={Word learning in infant-and adult-directed speech},
  author={Ma, Weiyi and Golinkoff, Roberta Michnick and Houston, Derek M and Hirsh-Pasek, Kathy},
  journal="Language {L}earning and {D}evelopment",
  volume={7},
  number={3},
  pages={185--201},
  year={2011},
  publisher={Taylor \& Francis}
}

@article{mayeetal2002,
  title={Infant sensitivity to distributional information can affect phonetic discrimination},
  author={Maye, Jessica and Werker, Janet F and Gerken, LouAnn},
  journal={Cognition},
  volume={82},
  number={3},
  pages={B101--B111},
  year={2002},
  publisher={Elsevier}
}

@article{mayeetal2008,
  title="{Statistical phonetic learning in infants: Facilitation and feature generalization}",
  author={Maye, Jessica and Weiss, Daniel J and Aslin, Richard N},
  journal={Developmental science},
  volume={11},
  number={1},
  pages={122--134},
  year={2008},
  publisher={Wiley Online Library}
}

@article{scontras2017subjectivity,
  title={Subjectivity Predicts Adjective Ordering Preferences},
  author={Scontras, Gregory and Degen, Judith and Goodman, Noah D},
  journal={Open Mind: Discoveries in Cognitive Science},
  volume={1},
  pages={53-65},
  year={2017},
  publisher={MIT Press}
}

@book{macwhinney2000childes,
  title="{The CHILDES project: The database}",
  author={MacWhinney, Brian},
  volume={2},
  year={2000},
  publisher={Psychology Press}
}

@article{mintz2006,
  title="{Finding the verbs: Distributional cues to categories available to young learners}",
  author={Mintz, Toben H},
  journal={Action meets word: How children learn verbs},
  pages={31--63},
  year={2006}
}

@incollection{sproat1991cross,
  title={The cross-linguistic distribution of adjective ordering restrictions},
  author={Sproat, Richard and Shih, Chilin},
  booktitle={Interdisciplinary approaches to language},
  pages={565--593},
  year={1991},
  publisher={Springer}
}

@article{saffranetal1996,
  title={Statistical learning by 8-month-old infants},
  author={Saffran, Jenny R and Aslin, Richard N and Newport, Elissa L},
  journal={Science},
  pages={1926--1928},
  year={1996},
  publisher={JSTOR}
}

@article{smithyu2008,
  title={Infants rapidly learn word-referent mappings via cross-situational statistics},
  author={Smith, Linda and Yu, Chen},
  journal={Cognition},
  volume={106},
  number={3},
  pages={1558--1568},
  year={2008},
  publisher={Elsevier}
}

@incollection{wagnerbarner2017,
  title="{The Acquisition of Color Words}",
  author={Wagner, Katie and Barner, David},
  booktitle="{Oxford Research Encyclopedias}",
  year={2017},
  publisher={Oxford},
  doi={10.1093/acrefore/9780199384655.013.28}
}

@article{xutenenbaum2007,
  title="{Word learning as Bayesian inference}",
  author={Xu, Fei and Tenenbaum, Joshua B},
  journal={Psychological Review},
  volume={114},
  number={2},
  pages={245},
  year={2007},
  publisher={American Psychological Association}
}


@article{bever1970cognitive,
  title={The cognitive basis for linguistic structures},
  author={Bever, Thomas G},
  journal={Cognition and the development of language},
  volume={279},
  number={362},
  pages={1--61},
  year={1970}
}

@article{martin1972preferred,
  title={Preferred adjective ordering in very young children},
  author={Martin, James E and Molfese, Dennis L},
  journal={Journal of Verbal Learning and Verbal Behavior},
  volume={11},
  number={3},
  pages={287--292},
  year={1972},
  publisher={Elsevier}
}

@article{hare1978development,
  title={Development of preferred adjective ordering in children, grades one through five},
  author={Hare, Victoria Chou and Otto, Wayne},
  journal={The Journal of Educational Research},
  pages={190--193},
  year={1978},
  publisher={JSTOR}
}

@article{laenzlinger2005,
	Author = {Christopher Laenzlinger},
	Date-Added = {2016-05-11 16:55:13 +0000},
	Date-Modified = {2016-05-11 16:56:17 +0000},
	Journal = {Lingua},
	Pages = {645-689},
	Title = {French adjective ordering: perspectives on {DP}-internal movement types},
	Volume = {115},
	Year = {2005}}
    
@incollection{scott2002,
	Address = {Oxford},
	Author = {Scott, Gary-John.},
	Booktitle = {The cartography of syntactic structures, Volume 1: Functional structure in the DP and IP},
	Editor = {Cinque, G},
	Pages = {91--120},
	Publisher = {Oxford University Press},
	Title = {{Stacked adjectival modification and the structure of nominal phrases}},
	Year = {2002}}

@incollection{sproat1991cross,
  title={The cross-linguistic distribution of adjective ordering restrictions},
  author={Sproat, Richard and Shih, Chilin},
  booktitle={Interdisciplinary approaches to language},
  pages={565--593},
  year={1991},
  publisher={Springer}
}

@unpublished{hahnetal2017,
title= {Exploring adjective ordering preferences via artificial language learning},
author = {Hahn, Michael and Futrell, Richard and Degen, Judith},
year = {2017},
note= {California Meeting on Psycholinguistics}
}

@incollection{hetzron1978relative,
  title={On the relative order of adjectives},
  author={Hetzron, Robert},
  year={1978},
  publisher={T{\"u}bingen},
  pages = {165-184},
  booktitle = {Language Universals},
  editor = {Seiler, H}
}

@article{greenbaum1985comprehensive,
  title={A comprehensive grammar of the English language},
  author={Greenbaum, Sidney and Quirk, Randolph and Leech, Geoffrey and Svartvik, Jan},
  journal={USA: Longman. Retrieved November},
  volume={4},
  pages={2012},
  year={1985}
}

@inproceedings{hill2012beauty,
  title={Beauty before age?: applying subjectivity to automatic English adjective ordering},
  author={Hill, Felix},
  booktitle={Proceedings of the 2012 Conference of the North American Chapter of the Association for Computational Linguistics: Human Language Technologies: Student Research Workshop},
  pages={11--16},
  year={2012},
  organization={Association for Computational Linguistics}
}
